@inproceedings{whoshould,
  title={Who should review my code? A file location-based code-reviewer recommendation approach for modern code review},
  author={Thongtanunam, Patanamon and Tantithamthavorn, Chakkrit and Kula, Raula Gaikovina and Yoshida, Norihiro and Iida, Hajimu and Matsumoto, Ken-ichi},
  booktitle={2015 IEEE 22nd International Conference on Software Analysis, Evolution, and Reengineering (SANER)},
  pages={141--150},
  year={2015},
  organization={IEEE}
}

@article{kovalenko2018does,
  title={Does reviewer recommendation help developers?},
  author={Kovalenko, Vladimir and Tintarev, Nava and Pasynkov, Evgeny and Bird, Christian and Bacchelli, Alberto},
  journal={IEEE Transactions on Software Engineering},
  year={2018},
  publisher={IEEE}
}

@article{macleod2017code,
  title={Code reviewing in the trenches: Challenges and best practices},
  author={MacLeod, Laura and Greiler, Michaela and Storey, Margaret-Anne and Bird, Christian and Czerwonka, Jacek},
  journal={IEEE Software},
  volume={35},
  number={4},
  pages={34--42},
  year={2017}
  publisher={IEEE}
}

@article{ruangwan2019impact,
  title={The impact of human factors on the participation decision of reviewers in modern code review},
  author={Ruangwan, Shade and Thongtanunam, Patanamon and Ihara, Akinori and Matsumoto, Kenichi},
  journal={Empirical Software Engineering},
  volume={24},
  number={2},
  pages={973--1016},
  year={2019},
  publisher={Springer}
}

@article{soares2018factors,
  title={What factors influence the reviewer assignment to pull requests?},
  author={Soares, Daric{\'e}lio M and de Lima J{\'u}nior, Manoel L and Plastino, Alexandre and Murta, Leonardo},
  journal={Information and Software Technology},
  volume={98},
  pages={32--43},
  year={2018},
  publisher={Elsevier}
}

@inproceedings{kononenko2015investigating,
  title={Investigating code review quality: Do people and participation matter?},
  author={Kononenko, Oleksii and Baysal, Olga and Guerrouj, Latifa and Cao, Yaxin and Godfrey, Michael W},
  booktitle={2015 IEEE international conference on software maintenance and evolution (ICSME)},
  pages={111--120},
  year={2015},
  organization={IEEE}
}